<?xml version="1.0" encoding="UTF-8"?><collection xmlns="http://www.loc.gov/MARC21/slim"><record><leader>00424nam--2200145-i-4500</leader><controlfield tag="001">000011367</controlfield><controlfield tag="002">20161230</controlfield><controlfield tag="005">20161230201029</controlfield><controlfield tag="008">060222s1000------------r-----000-0-eng-d</controlfield><datafield ind1=" " ind2=" " tag="080"><subfield code="a">025.3(047)</subfield></datafield><datafield ind1=" " ind2=" " tag="100"><subfield code="a">Birket-smith,Kjeld</subfield></datafield><datafield ind1=" " ind2=" " tag="245"><subfield code="a">Local applicability of the library of cngress classification.report nr.lo</subfield></datafield><datafield ind1=" " ind2=" " tag="260"><subfield code="a">Copenhagen,Danish Centre For Documentation. 1970. 69p</subfield></datafield><datafield ind1=" " ind2=" " tag="490"><subfield code="a">Fid Publ.Serie</subfield></datafield><datafield ind1=" " ind2=" " tag="852"><subfield code="a">42204</subfield></datafield></record></collection>